@article{oqvist2018coding,
  title={Coding by hand or on the computer? Evaluating the effect of assessment mode on performance of students learning programming},
  author={{\"O}qvist, Martina and Nouri, Jalal},
  journal={Journal of Computers in Education},
  volume={5},
  number={2},
  pages={199--219},
  year={2018},
  publisher={Springer}
}
@article{majumdar2017macacm,
  title={MacACM: Encouraging competitive programming via mentorship and outreach},
  author={Majumdar, Anshuman},
  journal={XRDS: Crossroads, The ACM Magazine for Students},
  volume={24},
  number={1},
  pages={14--15},
  year={2017},
  publisher={ACM New York, NY, USA}
}
@article{nair2020increasing,
  title={Increasing Employability of Indian Engineering Graduates through Experiential Learning Programs and Competitive Programming: Case Study},
  author={Nair, Prashant R},
  journal={Procedia Computer Science},
  volume={172},
  pages={831--837},
  year={2020},
  publisher={Elsevier}
}
@inproceedings{coore2019facilitating,
  title={Facilitating course assessment with a competitive programming platform},
  author={Coore, Daniel and Fokum, Daniel},
  booktitle={Proceedings of the 50th ACM Technical Symposium on Computer Science Education},
  pages={449--455},
  year={2019}
}
@inproceedings{di2018framework,
  title={A framework for personalized competitive programming training},
  author={Di Mascio, Tania and Laura, Luigi and Temperini, Marco},
  booktitle={2018 17th International Conference on Information Technology Based Higher Education and Training (ITHET)},
  pages={1--8},
  year={2018},
  organization={IEEE}
}
@inproceedings{di2018learning,
  title={Learning analytics in competitive programming training systems},
  author={Di Luigi, William and Fantozzi, Paolo and Laura, Luigi and Martini, Gemma and Morassutto, Edoardo and Ostuni, Dario and Piccardo, Giorgio and Versari, Luca},
  booktitle={2018 22nd International Conference Information Visualisation (IV)},
  pages={321--325},
  year={2018},
  organization={IEEE}
}


@inproceedings{gupta2017assessment,
  title={E-Assessment Tools for Programming Languages: A Review.},
  author={Gupta, Sugandha and Gupta, Anamika},
  booktitle={ICITKM},
  pages={65--70},
  year={2017}
}

@misc{nemeth2018grading,
  title={Grading Systems for Algorithmic Contests},
  author={N{\'e}METH, {\'A}gnes ERD{\H{o}}SN{\'e} and ZSAK{\'O}, L{\'a}szl{\'o}},
  year={2018},
  publisher={Olympiads in Informatics}
}

@article{haldeman2021csf,
  title={CSF: Formative Feedback in Autograding},
  author={Haldeman, Georgiana and Babe{\c{s}}-Vroman, Monica and Tjang, Andrew and Nguyen, Thu D},
  journal={ACM Transactions on Computing Education (TOCE)},
  volume={21},
  number={3},
  pages={1--30},
  year={2021},
  publisher={ACM New York, NY}
}

@inproceedings{watanobe2020next,
  title={Next-Generation Programming Learning Platform: Architecture and Challenges},
  author={Watanobe, Yutaka and Intisar, Chowdhury and Cortez, Ruth and Vazhenin, Alexander},
  booktitle={SHS Web of Conferences},
  volume={77},
  pages={01004},
  year={2020},
  organization={EDP Sciences}
}

@incollection{lu2018modeling,
  title={Modeling semantics between programming codes and annotations},
  author={Lu, Yihan and Hsiao, I-Han},
  booktitle={Proceedings of the 29th on Hypertext and Social Media},
  pages={101--105},
  year={2018}
}
@article{yoshizawa2019logic,
  title={Logic error detection system based on structure pattern and error degree},
  author={Yoshizawa, Yuto and Watanobe, Yutaka},
  journal={Advances in Science, Technology and Engineering Systems Journal},
  volume={4},
  number={5},
  pages={1--15},
  year={2019}
}

@inproceedings{gotel2008global,
  title={Global perceptions on the use of WeBWorK as an online tutor for computer science},
  author={Gotel, Olly and Scharff, Christelle and Wildenberg, Andrew and Bousso, Mamadou and Bunthoeurn, Chim and Des, Phal and Kulkarni, Vidya and Ayudhya, Srisupa Palakvangsa Na and Sarr, Cheikh and Sunetnanta, Thanwadee},
  booktitle={2008 38th Annual Frontiers in Education Conference},
  pages={T4B--5},
  year={2008},
  organization={IEEE}
}

@inproceedings{gotel2008teaching,
  title={Teaching software quality assurance by encouraging student contributions to an open source web-based system for the assessment of programming assignments},
  author={Gotel, Olly and Scharff, Christelle and Wildenberg, Andrew},
  booktitle={Proceedings of the 13th annual conference on Innovation and technology in computer science education},
  pages={214--218},
  year={2008}
}

@article{lane2005teaching,
  title={Teaching the tacit knowledge of programming to noviceswith natural language tutoring},
  author={Lane, H Chad and VanLehn, Kurt},
  journal={Computer Science Education},
  volume={15},
  number={3},
  pages={183--201},
  year={2005},
  publisher={Taylor \& Francis}
}

@inproceedings{le2009evaluation,
  title={Evaluation of a constraint-based homework assistance system for logic programming},
  author={Le, Nguyen-Thinh and Menzel, Wolfgang and Pinkwart, Niels},
  booktitle={Proceedings of the 17th International Conference on Computers in Education},
  year={2009}
}

@article{yousuf2021systematic,
  title={A systematic review on sequence-to-sequence learning with neural network and its models.},
  author={Yousuf, Hana and Lahzi, Michael and Salloum, Said A and Shaalan, Khaled},
  journal={International Journal of Electrical \& Computer Engineering (2088-8708)},
  volume={11},
  number={3},
  year={2021}
}

@inproceedings{hinton1986learning,
  title={Learning distributed representations of concepts},
  author={Hinton, Geoffrey E and others},
  booktitle={Proceedings of the eighth annual conference of the cognitive science society},
  volume={1},
  pages={12},
  year={1986},
  organization={Amherst, MA}
}

@article{hochreiter1997long,
  title={Long short-term memory},
  author={Hochreiter, Sepp and Schmidhuber, J{\"u}rgen},
  journal={Neural computation},
  volume={9},
  number={8},
  pages={1735--1780},
  year={1997},
  publisher={MIT Press}
}

@article{chung2014empirical,
  title={Empirical evaluation of gated recurrent neural networks on sequence modeling},
  author={Chung, Junyoung and Gulcehre, Caglar and Cho, KyungHyun and Bengio, Yoshua},
  journal={arXiv preprint arXiv:1412.3555},
  year={2014}
}

@article{xie2021exploiting,
  title={Exploiting Method Names to Improve Code Summarization: A Deliberation Multi-Task Learning Approach},
  author={Xie, Rui and Ye, Wei and Sun, Jinan and Zhang, Shikun},
  journal={arXiv preprint arXiv:2103.11448},
  year={2021}
}

@inproceedings{wei2017supervised,
  title={Supervised Deep Features for Software Functional Clone Detection by Exploiting Lexical and Syntactical Information in Source Code.},
  author={Wei, Huihui and Li, Ming},
  booktitle={IJCAI},
  pages={3034--3040},
  year={2017}
}

@article{vaswani2017attention,
  title={Attention is all you need. CoRR abs/1706.03762 (2017)},
  author={Vaswani, Ashish and Shazeer, Noam and Parmar, Niki and Uszkoreit, Jakob and Jones, Llion and Gomez, Aidan N and Kaiser, Lukasz and Polosukhin, Illia},
  journal={arXiv preprint arXiv:1706.03762},
  year={2017}
}

@article{alon2019code2vec,
  title={code2vec: Learning distributed representations of code},
  author={Alon, Uri and Zilberstein, Meital and Levy, Omer and Yahav, Eran},
  journal={Proceedings of the ACM on Programming Languages},
  volume={3},
  number={POPL},
  pages={1--29},
  year={2019},
  publisher={ACM New York, NY, USA}
}
@article{alon2018code2seq,
  title={code2seq: Generating sequences from structured representations of code},
  author={Alon, Uri and Brody, Shaked and Levy, Omer and Yahav, Eran},
  journal={arXiv preprint arXiv:1808.01400},
  year={2018}
}

@inproceedings{chen2019capturing,
  title={Capturing source code semantics via tree-based convolution over API-enhanced AST},
  author={Chen, Long and Ye, Wei and Zhang, Shikun},
  booktitle={Proceedings of the 16th ACM International Conference on Computing Frontiers},
  pages={174--182},
  year={2019}
}
@inproceedings{mou2016convolutional,
  title={Convolutional neural networks over tree structures for programming language processing},
  author={Mou, Lili and Li, Ge and Zhang, Lu and Wang, Tao and Jin, Zhi},
  booktitle={Thirtieth AAAI Conference on Artificial Intelligence},
  year={2016}
}
@inproceedings{piech2015learning,
  title={Learning program embeddings to propagate feedback on student code},
  author={Piech, Chris and Huang, Jonathan and Nguyen, Andy and Phulsuksombati, Mike and Sahami, Mehran and Guibas, Leonidas},
  booktitle={International conference on machine Learning},
  pages={1093--1102},
  year={2015},
  organization={PMLR}
}

@article{liu2019roberta,
  title={Roberta: A robustly optimized bert pretraining approach},
  author={Liu, Yinhan and Ott, Myle and Goyal, Naman and Du, Jingfei and Joshi, Mandar and Chen, Danqi and Levy, Omer and Lewis, Mike and Zettlemoyer, Luke and Stoyanov, Veselin},
  journal={arXiv preprint arXiv:1907.11692},
  year={2019}
}
@article{pritzkau2021nlytics,
  title={NLytics at CheckThat! 2021: multi-class fake news detection of news articles and domain identification with RoBERTa-a baseline model},
  author={Pritzkau, Albert},
  journal={Faggioli et al.[33]},
  year={2021}
}
@article{feng2020codebert,
  title={Codebert: A pre-trained model for programming and natural languages},
  author={Feng, Zhangyin and Guo, Daya and Tang, Duyu and Duan, Nan and Feng, Xiaocheng and Gong, Ming and Shou, Linjun and Qin, Bing and Liu, Ting and Jiang, Daxin and others},
  journal={arXiv preprint arXiv:2002.08155},
  year={2020}
}
@inproceedings{keuning2016towards,
  title={Towards a systematic review of automated feedback generation for programming exercises},
  author={Keuning, Hieke and Jeuring, Johan and Heeren, Bastiaan},
  booktitle={Proceedings of the 2016 ACM Conference on Innovation and Technology in Computer Science Education},
  pages={41--46},
  year={2016}
}
@article{devlin2018bert,
  title={Bert: Pre-training of deep bidirectional transformers for language understanding},
  author={Devlin, Jacob and Chang, Ming-Wei and Lee, Kenton and Toutanova, Kristina},
  journal={arXiv preprint arXiv:1810.04805},
  year={2018}
}
@article{feng2021survey,
  title={A survey of data augmentation approaches for nlp},
  author={Feng, Steven Y and Gangal, Varun and Wei, Jason and Chandar, Sarath and Vosoughi, Soroush and Mitamura, Teruko and Hovy, Eduard},
  journal={arXiv preprint arXiv:2105.03075},
  year={2021}
}
@article{paszke2019pytorch,
  title={Pytorch: An imperative style, high-performance deep learning library},
  author={Paszke, Adam and Gross, Sam and Massa, Francisco and Lerer, Adam and Bradbury, James and Chanan, Gregory and Killeen, Trevor and Lin, Zeming and Gimelshein, Natalia and Antiga, Luca and others},
  journal={Advances in neural information processing systems},
  volume={32},
  pages={8026--8037},
  year={2019}
}
@misc{Falcon_PyTorch_Lightning_2019,
  author = {Falcon, William and {The PyTorch Lightning team}},
  doi = {10.5281/zenodo.3828935},
  month = {3},
  title = {{PyTorch Lightning}},
  url = {https://github.com/PyTorchLightning/pytorch-lightning},
  year = {2019}
}
@misc{husain2020codesearchnet,
      title={CodeSearchNet Challenge: Evaluating the State of Semantic Code Search}, 
      author={Hamel Husain and Ho-Hsiang Wu and Tiferet Gazit and Miltiadis Allamanis and Marc Brockschmidt},
      year={2020},
      eprint={1909.09436},
      archivePrefix={arXiv},
      primaryClass={cs.LG}
}
@inproceedings{alon2020structural,
  title={Structural language models of code},
  author={Alon, Uri and Sadaka, Roy and Levy, Omer and Yahav, Eran},
  booktitle={International Conference on Machine Learning},
  pages={245--256},
  year={2020},
  organization={PMLR}
}
%%%
@article{velivckovic2021clrs,
  title={The CLRS Algorithmic Reasoning Benchmark},
  author={Veli{\v{c}}kovi{\'c}, Petar and Badia, Adria Puigdomenech and Budden, David and Pascanu, Razvan and Banino, Andrea and Dashevskiy, Misha and Blundell, Charles and others},
  year={2021}
}
@book{skiena2020algorithm,
  title={The algorithm design manual},
  author={Skiena, Steven S},
  year={2020},
  publisher={Springer International Publishing}
}
@book{sedgewick2011algorithms,
  title={Algorithms},
  author={Sedgewick, Robert and Wayne, Kevin},
  year={2011},
  publisher={Addison-wesley professional}
}
@article{ahmedprogramming,
  author          = {Tanvir Ahmed, Rifa Zakia},
  title           = {Exploring the Formats of Programming Context},
}
